<?xml version="1.0" encoding="UTF-8"?><record xmlns="http://www.loc.gov/MARC21/slim" xmlns:cinclude="http://apache.org/cocoon/include/1.0" xmlns:zs="http://www.loc.gov/zing/srw/">
  <leader>00595cz  a2200145n  4500</leader>
  <controlfield tag="001">n  80060753 </controlfield>
  <controlfield tag="003">DLC</controlfield>
  <controlfield tag="005">20040719101744.0</controlfield>
  <controlfield tag="008">800617n| acannaab           |n aaa      </controlfield>
  <datafield tag="010" ind1=" " ind2=" ">
    <subfield code="a">n  80060753 </subfield>
  </datafield>
  <datafield tag="040" ind1=" " ind2=" ">
    <subfield code="a">DLC</subfield>
    <subfield code="c">DLC</subfield>
    <subfield code="d">DLC-R</subfield>
  </datafield>
  <datafield tag="100" ind1="1" ind2=" ">
    <subfield code="a">Milanich, Jerald T.</subfield>
  </datafield>
  <datafield tag="670" ind1=" " ind2=" ">
    <subfield code="a">His Francisco Pareja's ... 1972, c1973.</subfield>
  </datafield>
  <datafield tag="670" ind1=" " ind2=" ">
    <subfield code="a">Florida Indians and the invasion from Europe, 1995:</subfield>
    <subfield code="b">t.p. (Jerald T. Milanich) back flap (curator, archaeology in Dept. of Anthropology at the Florida Museum of Natural History, Gainesville)</subfield>
  </datafield>
  <datafield tag="670" ind1=" " ind2=" ">
    <subfield code="a">U.S. copyright file, July 19, 2004</subfield>
    <subfield code="b">(Milanich, Jerald Thomas, 1945- )</subfield>
  </datafield>
</record>